@article{vgg,
    author = {Karen Simonyan and Andrew Zisserman},
    title = {Very Deep Convolutional Networks for Large-Scale Image Recognition},
    year = {2014},
    url = {https://arxiv.org/abs/1409.1556}
}

@article{unet,
    author = {Olaf Ronneberger and Philipp Fischer and Thomas Brox},
    title = {U-Net: Convolutional Networks for Biomedical Image Segmentation},
    year = {2015},
    url = {https://arxiv.org/abs/1505.04597}
}

@online{cs231n,
    title = {CS231n Convolutional Neural Networks for Visual Recognition},
    year = {2016},
    url = {http://cs231n.github.io/}
}

@article{fcns_segm,
    author = {Judy Hoffman and Dequan Wang and Fisher Yu and Trevor Darrell},
    title = {FCNs in the Wild: Pixel-level Adversarial and Constraint-based Adaptation},
    year = {2016},
    url = {https://arxiv.org/abs/1612.02649}
}

@article{adversarial,
    author = {Ashish Shrivastava and Tomas Pfister and Oncel Tuzel and Josh Susskind and Wenda Wang and Russ Webb},
    title = {Learning from Simulated and Unsupervised Images through Adversarial Training},
    year = {2016},
    url = {https://arxiv.org/abs/1612.07828}
}

